@inproceedings{addai-domfe2024epileptic,
  author    = {Gladys Addai-Domfe and Hisham Daoud},
  title     = {Epileptic Seizure Prediction Using Spiking Neural Networks},
  booktitle = {American Epilepsy Society (AES) Annual Meeting},
  year      = {2024},
  month     = {12},
  day       = {7},
  abstract  = {Abstract number: 1.479. Submission category: 2. Translational Research / 2B. Devices, Technologies, Stem Cells.},
  url       = {https://www.aesnet.org},
  note      = {Submission ID: 1436. Presentation date: December 7, 2024.}
}

@article{aljalal2022parkinson,
  author  = {Aljalal, Majid and Aldosari, Saeed A. and AlSharabi, Khalil and Abdurraqeeb, Asem M. and Alturki, Fahd A.},
  title   = {Parkinson's Disease Detection from Resting-State {EEG} Signals Using Common Spatial Pattern, Entropy, and Machine Learning Techniques},
  journal = {Diagnostics},
  year    = {2022},
  volume  = {12},
  number  = {5},
  pages   = {1033},
  doi     = {10.3390/diagnostics12051033},
  pmid    = {35626189},
  pmcid   = {PMC9139946}
}

@article{ye2024ultra,
  author  = {Ye, Z. and Shelton, A. M. and Shaker, J. R. and Boussard, J. and Colonell, J. and Birman, D. and Manavi, S. and Chen, S. and Windolf, C. and Hurwitz, C. and Namima, T. and Pedraja, F. and Weiss, S. and Raducanu, B. and Ness, T. V. and Jia, X. and Mastroberardino, G. and Rossi, L. F. and Carandini, M. and HÃ¤usser, M. and Einevoll, G. T. and Laurent, G. and Sawtell, N. B. and Bair, W. and Pasupathy, A. and Lopez, C. M. and Dutta, B. and Paninski, L. and Siegle, J. H. and Koch, C. and Olsen, S. R. and Harris, T. D. and Steinmetz, N. A.},
  title   = {Ultra-high density electrodes improve detection, yield, and cell type identification in neuronal recordings},
  journal = {bioRxiv},
  year    = {2024},
  doi     = {10.1101/2023.08.23.554527},
  pmid    = {37662298},
  pmcid   = {PMC10473688},
  note    = {Preprint}
}